@ARTICLE{simulation,
       author = {{van der Marel}, Roeland P. and {Besla}, Gurtina and {Cox}, T.~J. and {Sohn}, Sangmo Tony and {Anderson}, Jay},
        title = "{The M31 Velocity Vector. III. Future Milky Way M31-M33 Orbital Evolution, Merging, and Fate of the Sun}",
      journal = {\apj},
     keywords = {galaxies: individual: M31, galaxies: kinematics and dynamics, Local Group, proper motions, Astrophysics - Galaxy Astrophysics},
         year = 2012,
        month = jul,
       volume = {753},
       number = {1},
          eid = {9},
        pages = {9},
          doi = {10.1088/0004-637X/753/1/9},
archivePrefix = {arXiv},
       eprint = {1205.6865},
 primaryClass = {astro-ph.GA},
       adsurl = {https://ui.adsabs.harvard.edu/abs/2012ApJ...753....9V},
      adsnote = {Provided by the SAO/NASA Astrophysics Data System}
}

@ARTICLE{same_mass_merger_1,
       author = {{Drakos}, Nicole E. and {Taylor}, James E. and {Berrouet}, Anael and {Robotham}, Aaron S.~G. and {Power}, Chris},
        title = "{Major mergers between dark matter haloes - I. Predictions for size, shape, and spin}",
      journal = {\mnras},
     keywords = {methods: numerical, galaxies: haloes, dark matter, cosmology: theory, Astrophysics - Astrophysics of Galaxies, Astrophysics - Cosmology and Nongalactic Astrophysics},
         year = 2019,
        month = jul,
       volume = {487},
       number = {1},
        pages = {993-1007},
          doi = {10.1093/mnras/stz1306},
archivePrefix = {arXiv},
       eprint = {1811.12839},
 primaryClass = {astro-ph.GA},
       adsurl = {https://ui.adsabs.harvard.edu/abs/2019MNRAS.487..993D},
      adsnote = {Provided by the SAO/NASA Astrophysics Data System}
}

@ARTICLE{same_mass_merger_2,
       author = {{Drakos}, Nicole E. and {Taylor}, James E. and {Berrouet}, Anael and {Robotham}, Aaron S.~G. and {Power}, Chris},
        title = "{Major mergers between dark matter haloes - I. Predictions for size, shape, and spin}",
      journal = {\mnras},
     keywords = {methods: numerical, galaxies: haloes, dark matter, cosmology: theory, Astrophysics - Astrophysics of Galaxies, Astrophysics - Cosmology and Nongalactic Astrophysics},
         year = 2019,
        month = jul,
       volume = {487},
       number = {1},
        pages = {993-1007},
          doi = {10.1093/mnras/stz1306},
archivePrefix = {arXiv},
       eprint = {1811.12839},
 primaryClass = {astro-ph.GA},
       adsurl = {https://ui.adsabs.harvard.edu/abs/2019MNRAS.487..993D},
      adsnote = {Provided by the SAO/NASA Astrophysics Data System}
}

@ARTICLE{spin_param_explain,
       author = {{Frenk}, C.~S. and {White}, S.~D.~M.},
        title = "{Dark matter and cosmic structure}",
      journal = {Annalen der Physik},
     keywords = {Astrophysics - Cosmology and Extragalactic Astrophysics, High Energy Physics - Theory},
         year = 2012,
        month = oct,
       volume = {524},
       number = {9-10},
        pages = {507-534},
          doi = {10.1002/andp.201200212},
archivePrefix = {arXiv},
       eprint = {1210.0544},
 primaryClass = {astro-ph.CO},
       adsurl = {https://ui.adsabs.harvard.edu/abs/2012AnP...524..507F},
      adsnote = {Provided by the SAO/NASA Astrophysics Data System}
}

